@article{7series,
author = {Jingwen Fu, Tianle Zhang, Jiaqi Li},
title = {Method and implementation of FPGA configuration based on serial communication},
journal = {International Congress on Image and Signal Processing (CISP)},
Year =  2015, 
Pages = {1454-1458}
}


@misc{benifit,
author = {{National instruments}},
title = {FPGA benefit},
howpublished = {\url{http://www.ni.com/white-paper/6984/en/}},
}


@misc{applications,
author = {{Xilinx}},
title = {FPGA Applications},
howpublished = {\url{https://www.xilinx.com/training/fpga/fpga-field-programmable-gate-array.htm}},
}

@misc{userguide,
author = {{Xilinx}},
title = {Spartan-6 FPGA Configurable Logic Block User Guide},
howpublished = {\url{https://www.xilinx.com/support/documentation/user_guides/ug384.pdf}},
}

